<?xml version="1.0" encoding="UTF-8"?><record xmlns="http://www.loc.gov/MARC21/slim" xmlns:cinclude="http://apache.org/cocoon/include/1.0" xmlns:zs="http://www.loc.gov/zing/srw/">
  <leader>00380nz  a2200133n  4500</leader>
  <controlfield tag="001">no2011154226</controlfield>
  <controlfield tag="003">DLC</controlfield>
  <controlfield tag="005">20111007075302.0</controlfield>
  <controlfield tag="008">111005n| acannaabn          |n aaa     c</controlfield>
  <datafield tag="010" ind1=" " ind2=" ">
    <subfield code="a">no2011154226</subfield>
  </datafield>
  <datafield tag="035" ind1=" " ind2=" ">
    <subfield code="a">(OCoLC)oca08996043</subfield>
  </datafield>
  <datafield tag="040" ind1=" " ind2=" ">
    <subfield code="a">NjP</subfield>
    <subfield code="b">eng</subfield>
    <subfield code="c">NjP</subfield>
  </datafield>
  <datafield tag="100" ind1="1" ind2=" ">
    <subfield code="a">Ekinci, Hamid,</subfield>
    <subfield code="d">1900-1984</subfield>
  </datafield>
  <datafield tag="670" ind1=" " ind2=" ">
    <subfield code="a">Van hayatının en yakın şahidi Molla Hamid Ekinci, 2011:</subfield>
    <subfield code="b">p. 5 (1900-1984)</subfield>
  </datafield>
</record>